@article{mezard2017mean,
  title =        {Mean-field message-passing equations in the Hopfield
                  model and its generalizations},
  author =       {M\'ezard, Marc},
  journal =      {Phys. Rev. E},
  volume =       95,
  issue =        2,
  pages =        022117,
  numpages =     15,
  year =         2017,
  month =        {Feb},
  publisher =    {American Physical Society},
  doi =          {10.1103/PhysRevE.95.022117},
  url =          {http://link.aps.org/doi/10.1103/PhysRevE.95.022117}
}

@article{amit1985storing,
  title =        {Storing Infinite Numbers of Patterns in a Spin-Glass
                  Model of Neural Networks},
  author =       {Amit, Daniel J. and Gutfreund, Hanoch and
                  Sompolinsky, H.},
  journal =      {Phys. Rev. Lett.},
  volume =       {55},
  issue =        {14},
  pages =        {1530--1533},
  numpages =     {0},
  year =         {1985},
  month =        {Sep},
  publisher =    {American Physical Society},
  doi =          {10.1103/PhysRevLett.55.1530},
  url =          {http://link.aps.org/doi/10.1103/PhysRevLett.55.1530}
}

@article{tanaka1998mean,
  title =        {Mean-field theory of Boltzmann machine learning},
  author =       {Tanaka, Toshiyuki},
  journal =      {Phys. Rev. E},
  volume =       {58},
  issue =        {2},
  pages =        {2302--2310},
  numpages =     {0},
  year =         {1998},
  month =        {Aug},
  publisher =    {American Physical Society},
  doi =          {10.1103/PhysRevE.58.2302},
  url =          {http://link.aps.org/doi/10.1103/PhysRevE.58.2302}
}
